<record><leader>00000cas a22000007a 4500</leader><controlfield tag="001">14197693</controlfield><controlfield tag="008">860909d1854185ucauwr ne      0    0eng d</controlfield><controlfield tag="009">5452</controlfield><datafield ind1=" " ind2=" " tag="010"><subfield code="a">sn 86058097 </subfield></datafield><datafield ind1=" " ind2=" " tag="040"><subfield code="a">NPI</subfield><subfield code="b">eng</subfield><subfield code="c">NPI</subfield><subfield code="d">DLC</subfield><subfield code="d">NNX</subfield><subfield code="d">CNK</subfield></datafield><datafield ind1="1" ind2=" " tag="029"><subfield code="a">AU@</subfield><subfield code="b">000025800388</subfield></datafield><datafield ind1=" " ind2=" " tag="042"><subfield code="a">msc</subfield></datafield><datafield ind1="0" ind2="0" tag="050"><subfield code="a">Newspaper 7119</subfield></datafield><datafield ind1="0" ind2=" " tag="130"><subfield code="a">Sierra citizen (Downieville, Calif. : 1854)</subfield></datafield><datafield ind1="0" ind2="4" tag="245"><subfield code="a">The Sierra citizen.</subfield></datafield><datafield ind1=" " ind2=" " tag="260"><subfield code="a">Downieville, Calif. :</subfield><subfield code="b">C.B. McDonald &amp; Co.,</subfield></datafield><datafield ind1=" " ind2=" " tag="300"><subfield code="a">v. :</subfield><subfield code="b">ill. (chiefly advertisements) ;</subfield><subfield code="c">59 cm.</subfield></datafield><datafield ind1=" " ind2=" " tag="310"><subfield code="a">Weekly</subfield></datafield><datafield ind1="0" ind2=" " tag="362"><subfield code="a">Vol. 1, no. 1 (Feb. 11, 1854)-</subfield></datafield><datafield ind1=" " ind2=" " tag="500"><subfield code="a">Originally Whig, then Democrat.</subfield></datafield><datafield ind1=" " ind2=" " tag="530"><subfield code="a">Also available on microfilm from the University of California, Berkeley.</subfield></datafield><datafield ind1=" " ind2=" " tag="752"><subfield code="a">United States</subfield><subfield code="b">California</subfield><subfield code="c">Sierra</subfield><subfield code="d">Downieville.</subfield></datafield><datafield ind1="0" ind2="0" tag="785"><subfield code="t">Weekly Sierra citizen</subfield><subfield code="w">(DLC)sn 84038779</subfield><subfield code="w">(OCoLC)11513242</subfield></datafield></record>